@book{Knu86,
  author    = {Donald E. Knuth},
  title     = {The TeXbook},
  publisher = {Addison-Wesley},
  year      = {1986},
  isbn      = {0-201-13447-0},
  bibsource = {DBLP, http://dblp.uni-trier.de}
}

@book{Lam94,
  author    = {Leslie Lamport},
  title     = {LaTeX - A Document Preparation System: User's Guide and
               Reference Manual, Second Edition},
  publisher = {Pearson / Prentice Hall},
  year      = {1994},
  isbn      = {978-0-201-52983-8},
  pages     = {I-XVI, 1-272},
  bibsource = {DBLP, http://dblp.uni-trier.de}
}

@book{camden2017working,
  title={Working with Static Sites: Bringing the Power of Simplicity to Modern Sites},
  author={Camden, Raymond and Rinaldi, Brian},
  year={2017},
  publisher={O'Reilly Media, Inc.}
}

@misc{hugo-site,
  title={Hugo static site generator},
  year=2023,
  note={Available at https://gohugo.io/}
}

@misc{jekyll-site,
  title={Jekyll static site generator},
  year=2023,
  note={Available at https://jekyllrb.com/}
}

@misc{gridsome-site,
  title={Gridsome static site generator},
  year=2023,
  note={Available at https://gridsome.org/}
}

@misc{eleventy-site,
  title={Eleventy static site generator},
  year=2023,
  note={Available at https://www.11ty.dev/}
}

@misc{pelican-site,
  title={Pelican static site generator},
  year=2023,
  note={Available at https://getpelican.com/}
}

@inproceedings{andrzej2007development,
  title={Development problems of large area, web accessible, environmental pollution monitoring system},
  author={Andrzej, Michalski and Andrzej, Kalicki and Zbigniew, Staroszczyk and Piotr, Pietruszka},
  booktitle={2007 IEEE Instrumentation \& Measurement Technology Conference IMTC 2007},
  pages={1--5},
  year={2007},
  organization={IEEE}
}

@misc{github-pages,
  title={GitHub pages documentation},
  year=2023,
  note={Available at https://docs.github.com/en/pages}
}

@misc{umami-site,
  title={Umami.is},
  year=2023,
  note={Available at https://umami.is/}
}

@article{hong2006influence,
  title={The influence of structural and message features on web site credibility},
  author={Hong, Traci},
  journal={Journal of the American Society for Information Science and Technology},
  volume={57},
  number={1},
  pages={114--127},
  year={2006},
  publisher={Wiley Online Library}
}

@article{hassenzahl2006user,
  title={User experience-a research agenda},
  author={Hassenzahl, Marc and Tractinsky, Noam},
  journal={Behaviour \& information technology},
  volume={25},
  number={2},
  pages={91--97},
  year={2006},
  publisher={Taylor \& Francis}
}

@misc{tella-site,
  title={Wamo. Tella, Hugo themes},
  year=2023,
  note={Available at https://themes.gohugo.io/themes/tella/}
}

@misc{lunr,
  title={Add search to Hugo static sites with Lunr},
  year=2023,
  note={Available at https://victoria.dev/blog/add-search-to-hugo-static-sites-with-lunr/}
}

@misc{pandoc,
  title={Pandoc, universal document converter},
  year=2023,
  note={Available at https://pandoc.org/installing.html}
}

@misc{getform,
  title={Smart form endpoints for developers},
  year=2023,
  note={Available at https://getform.io/}
}

@article{cooper2012analytics,
  title={What is analytics? Definition and essential characteristics},
  author={Cooper, Adam and others},
  journal={CETIS Analytics Series},
  volume={1},
  number={5},
  pages={1--10},
  year={2012},
  publisher={Citeseer}
}

@inproceedings{chiuchi2011efficiency,
  title={Efficiency and portability: guidelines to develop websites.},
  author={Chiuchi, Cleriston Araujo and De Souza, Rog{\'e}ria Cristiane Grat{\~a}o and Santos, Adriana Barbosa and Val{\^e}ncio, Carlos Roberto and others},
  booktitle={SEKE},
  pages={37--41},
  year={2011}
}

@article{campoverde2023accessibility,
  title={Accessibility of university websites worldwide: a systematic literature review},
  author={Campoverde-Molina, Milton and Luj{\'a}n-Mora, Sergio and Valverde, Lloren{\c{c}}},
  journal={Universal Access in the Information Society},
  volume={22},
  number={1},
  pages={133--168},
  year={2023},
  publisher={Springer}
}

@misc{static-dinamic,
  title={Static vs dynamic websites: the key differences.},
  year=2023,
  note={Available at https://www.wix.com/blog/static-vs-dynamic-website}
}
